<?xml version='1.0' encoding='UTF-8'?>
<record xmlns="http://www.loc.gov/MARC21/slim">
  <leader>01227cam a2200289Mi 4500</leader>
  <controlfield tag="001">2752365</controlfield>
  <controlfield tag="003">NjP</controlfield>
  <controlfield tag="005">20171010172338.0</controlfield>
  <controlfield tag="008">870401s1968    iq abh   b    000 0 arax </controlfield>
  <datafield tag="024" ind1="7" ind2=" ">
    <subfield code="a">princeton_aco002153</subfield>
    <subfield code="2">local</subfield>
  </datafield>
  <datafield ind1=" " ind2=" " tag="010">
    <subfield code="a">   78961515  </subfield>
  </datafield>
  <datafield ind1=" " ind2=" " tag="020">
    <subfield code="c">One Egyptian pound</subfield>
  </datafield>
  <datafield ind1=" " ind2=" " tag="035">
    <subfield code="a">(OCoLC)ocm16840273</subfield>
  </datafield>
  <datafield ind1=" " ind2=" " tag="035">
    <subfield code="9">CNE4952TS</subfield>
  </datafield>
  <datafield ind1=" " ind2=" " tag="040">
    <subfield code="a">DLC</subfield>
    <subfield code="c">NYP</subfield>
    <subfield code="d">PUL</subfield>
  </datafield>
  <datafield ind1=" " ind2=" " tag="043">
    <subfield code="a">a-iq---</subfield>
  </datafield>
  <datafield ind1="0" ind2=" " tag="050">
    <subfield code="a">DS79.K69</subfield>
    <subfield code="b">H38 1968</subfield>
  </datafield>
  <datafield ind1="2" ind2=" " tag="100">
    <subfield code="a">Ḥassūn al-Burāqī, Ḥusayn ibn al-Sayyid Aḥmad,</subfield>
    <subfield code="d">1845-1914.</subfield>
    <subfield code="0">http://id.loc.gov/authorities/names/nr90015269</subfield>
  </datafield>
  <datafield ind1="1" ind2="0" tag="245">
    <subfield code="a">Tārīkh al-Kūfah,</subfield>
    <subfield code="c">taʾlīf al-Sayyid Ḥusayn ibn al-Sayyid Aḥmad al-Burāqī al-Najafī. Ḥarrarahu wa-aḍāfa ilayhi akthar al-mawāḍīʻ al-muhimmah al-Sayyid Muḥammad Ṣādiq Baḥr al-ʻUlūm.</subfield>
  </datafield>
  <datafield ind1=" " ind2=" " tag="250">
    <subfield code="a">al-Ṭabʻah 3.</subfield>
  </datafield>
  <datafield ind1=" " ind2=" " tag="260">
    <subfield code="a">al-Najaf,</subfield>
    <subfield code="b">al-Maktabah al-Ḥaydarīyah wa-Maṭbaʻatuhā,</subfield>
    <subfield code="c">1968.</subfield>
  </datafield>
  <datafield ind1=" " ind2=" " tag="300">
    <subfield code="a">22, 444 p.</subfield>
    <subfield code="b">illus., facsim., map.</subfield>
    <subfield code="c">25 cm.</subfield>
  </datafield>
  <datafield ind1=" " ind2=" " tag="500">
    <subfield code="a">In Arabic.</subfield>
  </datafield>
  <datafield ind1=" " ind2=" " tag="504">
    <subfield code="a">Includes bibliographical references.</subfield>
  </datafield>
  <datafield ind1=" " ind2="0" tag="651">
    <subfield code="a">Kūfah (Iraq)</subfield>
    <subfield code="x">History.</subfield>
  </datafield>
  <datafield ind1="2" ind2=" " tag="700">
    <subfield code="a">Baḥr al-ʻUlūm, Muḥammad Ṣādiq,</subfield>
    <subfield code="e">editor.</subfield>
  </datafield>
  <datafield ind1=" " ind2=" " tag="945">
    <subfield code="a">F</subfield>
    <subfield code="b">1</subfield>
    <subfield code="c">2269.218.389.1968</subfield>
  </datafield>
  <datafield ind1=" " ind2=" " tag="911">
    <subfield code="a">20000130</subfield>
  </datafield>
  <datafield ind1="0" ind2="0" tag="852">
    <subfield code="0">3063096</subfield>
    <subfield code="b">nec</subfield>
    <subfield code="t">1</subfield>
    <subfield code="h">DS79.K69</subfield>
    <subfield code="i">H38 1968</subfield>
  </datafield>
  <datafield ind1=" " ind2=" " tag="959">
    <subfield code="a">2009-06-29 15:52:31 -0400</subfield>
  </datafield>
</record>
